@inproceedings{MELL98,
  location = {Berlin, Heidelberg},
  author = {Melliès, Paul-André},
  booktitle = {Automata, Languages and Programming},
  doi = {10.1007/BFb0055085},
  editor = {Larsen, Kim G. and Skyum, Sven and Winskel, Glynn},
  isbn = {978-3-540-68681-1,978-3-540-64781-2},
  pages = {518--529},
  publisher = {Springer Berlin Heidelberg},
  sha256 = {7EF0983474C7F95148EC66BB7BABAEAFE6810C7AB568341D0E5BDF6EA0D0A24A},
  title = {On a duality between Kruskal and Dershowitz theorems},
  url = {https://doi.org/10.1007/BFb0055085},
  year = {1998},
}


@misc{BOJA18,
  title         = {Polyregular Functions},
  author        = {Bojańczyk, Mikołaj},
  year          = {2018},
  eprint        = {1810.08760},
  archivePrefix = {arXiv},
  primaryClass  = {cs.FL},
  url           = {https://arxiv.org/abs/1810.08760},
  sha256        = {A534D00239BAA743247DFF886C16DE982E6A5E997E54360CBC340F1FDB903D7E}, 
}

@inproceedings{BOJA22,
  author    = {Bojańczyk, Mikołaj},
  title     = {Transducers of polynomial growth},
  year      = {2022},
  isbn      = {9781450393515},
  publisher = {Association for Computing Machinery},
  address   = {New York, NY, USA},
  doi       = {10.1145/3531130.3533326},
  booktitle = {Proceedings of the 37th Annual ACM/IEEE Symposium on Logic in Computer Science},
  articleno = {1},
  numpages  = {27},
  location  = {Haifa, Israel},
  series    = {LICS '22},
  sha256    = {2A4B5CB03817E6A29A761A8351560092C0B364D970FAB5896E3967B4D6F9C7AF},
}


@phdthesis{DOUE23,
    author  = {Douéneau-Tabot, Gaëtan},
    title   = {Optimization of string transducers},
    year    = {2023},
    school  = {Université Paris Cité},
    url     = {https://gdoueneau.github.io/pages/DOUENEAU-TABOT_Optimization-transducers_v2.pdf},
    urldate = {Version of 24th November 2023},
    sha256  = {4EF3069A61CFA903DE0EB573A0A098123D0135D3A0BE509BEF1C9998AB31D60F},
}

@inproceedings{DOUE21,
  author    = {Douéneau-Tabot, Gaëtan},
  title     = {{Pebble Transducers with Unary Output}},
  booktitle = {46th International Symposium on Mathematical Foundations of Computer Science (MFCS 2021)},
  pages     = {40:1--40:17},
  series    = {Leibniz International Proceedings in Informatics (LIPIcs)},
  isbn      = {978-3-95977-201-3},
  issn      = {1868-8969},
  year      = {2021},
  volume    = {202},
  sha256    = {016da0cf2ae49f4c12ace6e9a89166ae359e7ddb06fcde98f3f7c041ba342403},
  editor    = {Bonchi, Filippo and Puglisi, Simon J.},
  publisher = {Schloss Dagstuhl -- Leibniz-Zentrum f{\"u}r Informatik},
  address   = {Dagstuhl, Germany},
  url       = {https://drops-dev.dagstuhl.de/entities/document/10.4230/LIPIcs.MFCS.2021.40},
  urn       = {urn:nbn:de:0030-drops-144805},
  doi       = {10.4230/LIPIcs.MFCS.2021.40},
  eprint    = {2104.14019v6},
}

@inproceedings{DOUE22,
  author    = {Douéneau-Tabot, Gaëtan},
  title     = {{Hiding Pebbles When the Output Alphabet Is Unary}},
  booktitle = {49th International Colloquium on Automata, Languages, and Programming (ICALP 2022)},
  pages     = {120:1--120:17},
  series    = {Leibniz International Proceedings in Informatics (LIPIcs)},
  isbn      = {978-3-95977-235-8},
  issn      = {1868-8969},
  year      = {2022},
  volume    = {229},
  editor    = {Bojańczyk, Mikołaj and Merelli, Emanuela and Woodruff, David P.},
  publisher = {Schloss Dagstuhl -- Leibniz-Zentrum f{\"u}r Informatik},
  address   = {Dagstuhl, Germany},
  url       = {https://drops-dev.dagstuhl.de/entities/document/10.4230/LIPIcs.ICALP.2022.120},
  urn       = {urn:nbn:de:0030-drops-164613},
  doi       = {10.4230/LIPIcs.ICALP.2022.120},
  eprint    = {2112.10212v4},
  sha256    = {E8CD4C0097A42998312B014C9E9A2B1E7C240BC5A6465BE11469A40B63EC5E0A},
}

@inproceedings{CDTL23,
  author    = {Colcombet, Thomas and Douéneau-Tabot, Gaëtan and Lopez, Aliaume},
  booktitle = {2023 38th Annual ACM/IEEE Symposium on Logic in Computer Science (LICS)},
  title     = {{Z}-polyregular functions},
  year      = {2023},
  volume    = {},
  issn      = {},
  pages     = {1-13},
  doi       = {10.1109/LICS56636.2023.10175685},
  url       = {https://doi.ieeecomputersociety.org/10.1109/LICS56636.2023.10175685},
  publisher = {IEEE Computer Society},
  address   = {Los Alamitos, CA, USA},
  month     = {jun},
  eprint    = {2207.07450v4},
  sha256    = {060922DD2F6FC229FFD967336B3A2F6CEC7E648558324552A1A831EE4C4E58CB},
}

@InProceedings{LENP21,
  author    = {Nguy\~{ê}n, L\^{e} Th\`{a}nh D\~{u}ng (Tito) and No\^{u}s, Camille and Pradic, Cécilla},
  title     = {{Comparison-Free Polyregular Functions}},
  booktitle = {48th International Colloquium on Automata, Languages, and Programming (ICALP 2021)},
  pages     = {139:1--139:20},
  series    = {Leibniz International Proceedings in Informatics (LIPIcs)},
  ISBN      = {978-3-95977-195-5},
  ISSN      = {1868-8969},
  year      = {2021},
  volume    = {198},
  editor    = {Bansal, Nikhil and Merelli, Emanuela and Worrell, James},
  publisher = {Schloss Dagstuhl -- Leibniz-Zentrum f{\"u}r Informatik},
  address   = {Dagstuhl, Germany},
  URL       = {https://drops-dev.dagstuhl.de/entities/document/10.4230/LIPIcs.ICALP.2021.139},
  URN       = {urn:nbn:de:0030-drops-142087},
  hal_id    = {hal-02986228},
  eprint    = {2105.08358v2},
  doi       = {10.4230/LIPIcs.ICALP.2021.139},
  sha256    = {6C9AEEC9B395CCB504499123654CA95600601CC69836CBADE6EDECE2A345E693},
}

@misc{KLEP23,
      title={Refutations of pebble minimization via output languages}, 
      author={Kiefer, Sandra and Nguy\~{ê}n, L\^{e} Th\`{a}nh D\~{u}ng (Tito)
              and Pradic, Cécilia},
      year={2023},
      eprint={2301.09234v2},
      archivePrefix={arXiv},
      primaryClass={cs.FL},
      sha256={99939DDE8E11EDD1CEE0A183D50EF504DAD6870FEDDA173D892665C0EF27E10B},
      doi = {10.48550/arXiv.2301.09234},
}

@book{BERE88,
   title     = {Rational Series and Their Languages},
   author    = {Berstel, Jean and Reutenauer, Christophe},
   publisher = {Springer},
   isbn      = {9780387186269,0387186263},
   year      = {1988},
   series    = {EATCS Monographs on Theoretical Computer Science 12},
   edition   = {2008 electronic},
   volume    = {12},
   pages     = {151},
   sha256    = {A2AC7177CE29890987F9D0E106375FEF 8A26DA3BB2B2E69FC4CC4889AB1BD5DE},
}


@book{BERE10,
	author = {Berstel, Jean and Reutenauer, Christophe},
	publisher = {Cambridge University Press},
    series={Encyclopedia of Mathematics and its Applications}, 
	title = {Noncommutative rational series with applications},
	volume = {137},
	year = {2010},
    isbn = {0521190223,9780521190220,9780511760860},
    doi = {10.1017/CBO9780511760860},
    sha256 = {0A4B61814201B20ABA0D4B37251CAF334AB1B95B67D6BB06FFC8B23582290B12},
}

@inproceedings{KRRC13,
  author    = {Kreutzer, Stephan and Riveros, Cristian},
  booktitle = {2013 28th Annual ACM/IEEE Symposium on Logic in Computer Science},
  title     = {Quantitative Monadic Second-Order Logic},
  year      = {2013},
  volume    = {},
  number    = {},
  pages     = {113-122},
  doi       = {10.1109/LICS.2013.16},
  sha256    = {37568664428FFFA4A3480AEF379A0046FB1A05AC217468E8A00E50EB348F47BC},
}

@article{SCHU62,
  author  = {Schützenberger, Marcel P.},
  title   = {Finite Counting Automata},
  journal = {Information and control},
  volume  = {5},
  number  = {2},
  pages   = {91--107},
  year    = {1962},
  issn    = {0019-9958},
  doi     = {10.1016/S0019-9958(62)90244-9},
  url     = {https://www.sciencedirect.com/science/article/pii/S0019995862902449},
  sha256  = {496140D6C050FCC5F127A8CB46842E89CE1B6F3980D44567186E57F04F4637C1},
}
